Automatically generated by Mendeley Desktop 1.15.2
Any changes to this file will be lost if it is regenerated by Mendeley.

BibTeX export options can be customized via Options -> BibTeX in Mendeley Desktop

@inproceedings{niedfeldt2014multiple,
	title={Multiple target tracking using recursive RANSAC},
	author={Niedfeldt, Peter C and Beard, Randal W},
	booktitle={American Control Conference (ACC), 2014},
	pages={3393--3398},
	year={2014},
	organization={IEEE}
}

@article{ingersoll2015vision,
	title={Vision based multiple target tracking using recursive RANSAC},
	author={Ingersoll, Kyle},
	year={2015},
	publisher={Brigham Young University-Provo}
}

@inproceedings{xiang2015learning,
	title={Learning to track: Online multi-object tracking by decision making},
	author={Xiang, Yu and Alahi, Alexandre and Savarese, Silvio},
	booktitle={Proceedings of the IEEE International Conference on Computer Vision},
	pages={4705--4713},
	year={2015}
}

@article{sadeghian2017tracking,
	title={Tracking the untrackable: Learning to track multiple cues with long-term dependencies},
	author={Sadeghian, Amir and Alahi, Alexandre and Savarese, Silvio},
	journal={arXiv preprint arXiv:1701.01909},
	year={2017}
}

@inproceedings{choi2015near,
	title={Near-online multi-target tracking with aggregated local flow descriptor},
	author={Choi, Wongun},
	booktitle={Proceedings of the IEEE International Conference on Computer Vision},
	pages={3029--3037},
	year={2015}
}

@article{keuper2016multi,
	title={A multi-cut formulation for joint segmentation and tracking of multiple objects},
	author={Keuper, Margret and Tang, Siyu and Zhongjie, Yu and Andres, Bjoern and Brox, Thomas and Schiele, Bernt},
	journal={arXiv preprint arXiv:1607.06317},
	year={2016}
}

@article{zhang2017deep,
	title={Deep Reinforcement Learning for Visual Object Tracking in Videos},
	author={Zhang, Da and Maei, Hamid and Wang, Xin and Wang, Yuan-Fang},
	journal={arXiv preprint arXiv:1701.08936},
	year={2017}
}

@article{choi2017visual,
	title={Visual Tracking by Reinforced Decision Making},
	author={Choi, Janghoon and Kwon, Junseok and Lee, Kyoung Mu},
	journal={arXiv preprint arXiv:1702.06291},
	year={2017}
}

@article{yoo2017action,
	title={Action-Decision Networks for Visual Tracking with Deep Reinforcement Learning},
	author={Yoo, Sangdoo Yun1 Jongwon Choi1 Youngjoon and Yun, Kimin and Choi, Jin Young},
	year={2017}
}

@article{luo2017end,
	title={End-to-end Active Object Tracking via Reinforcement Learning},
	author={Luo, Wenhan and Sun, Peng and Mu, Yadong and Liu, Wei},
	journal={arXiv preprint arXiv:1705.10561},
	year={2017}
}

@inproceedings{liu2016ssd,
	title={Ssd: Single shot multibox detector},
	author={Liu, Wei and Anguelov, Dragomir and Erhan, Dumitru and Szegedy, Christian and Reed, Scott and Fu, Cheng-Yang and Berg, Alexander C},
	booktitle={European conference on computer vision},
	pages={21--37},
	year={2016},
	organization={Springer}
}

@inproceedings{redmon2016you,
	title={You only look once: Unified, real-time object detection},
	author={Redmon, Joseph and Divvala, Santosh and Girshick, Ross and Farhadi, Ali},
	booktitle={Proceedings of the IEEE Conference on Computer Vision and Pattern Recognition},
	pages={779--788},
	year={2016}
}

@incollection{holschneider1990real,
	title={A real-time algorithm for signal analysis with the help of the wavelet transform},
	author={Holschneider, Matthias and Kronland-Martinet, Richard and Morlet, Jean and Tchamitchian, Ph},
	booktitle={Wavelets},
	pages={286--297},
	year={1990},
	publisher={Springer}
}

@inproceedings{jodoin2014urban,
	title={Urban tracker: Multiple object tracking in urban mixed traffic},
	author={Jodoin, Jean-Philippe and Bilodeau, Guillaume-Alexandre and Saunier, Nicolas},
	booktitle={Applications of Computer Vision (WACV), 2014 IEEE Winter Conference on},
	pages={885--892},
	year={2014},
	organization={IEEE}
}

@article{fangtrack,
	title={Track-RNN: Joint Detection and Tracking Using Recurrent Neural Networks},
	author={Fang, Kuan}
}


